@article{2021Cross,
  title  = {Cross-Lingual Word Embedding Refinement by $\\ell_{1}$ Norm Optimisation},
  author = { Peng, Xutan  and  Lin, Chenghua  and  Stevenson, Mark },
  year   = {2021}
}
@article{Huangtao,
  title   = {语言文化遗产的特性, 价值与保护策略},
  author  = {黄涛},
  journal = {中国人民大学学报},
  volume  = {22},
  number  = {4},
  pages   = {26--33},
  year    = {2008}
}
@article{peng2020,
  title   = {Understanding linearity of cross-lingual word embedding mappings},
  author  = {Peng, Xutan and Stevenson, Mark and Lin, Chenghua and Li, Chen},
  journal = {arXiv preprint arXiv:2004.01079},
  year    = {2020}
}
@article{WangQiXue,
  title   = {基于差分特征和高斯混合模型的湖南方言识别},
  author  = {王岐学 and 钱盛友 and 赵新民},
  journal = {计算机工程与应用},
  volume  = {45},
  number  = {35},
  pages   = {129--131},
  year    = {2009}
}
@article{WuRuiFeng,
  title   = {人工智能视域下的林州方言建档},
  author  = {武瑞丰},
  journal = {山西档案},
  number  = {1},
  pages   = {62--64},
  year    = {2018}
}
@article{WuYonghuan,
  title   = {汉语方言文化遗产保护的意义与对策},
  author  = {吴永焕},
  journal = {中国人民大学学报},
  volume  = {22},
  number  = {4},
  pages   = {5},
  year    = {2008}
}
@article{YangBo2019,
  title   = {基于 RNN 的桂柳方言语音识别系统研究},
  author  = {杨波},
  journal = {现代计算机},
  number  = {31},
  pages   = {6--9},
  year    = {2019}
}
@mastersthesis{YuLuFeng2019,
  title  = {基于深度学习的客家方言语音识别},
  author = {余陆峰},
  year   = {2019},
  school = {华南理工大学}
}
@phdthesis{ZhangYuCong2016,
  title  = {基于深度学习的藏语拉萨方言语音识别的 研 究},
  author = {张宇聪},
  year   = {2016},
  school = {兰州: 西北师范 大学物理与电子工程学院}
}
@article{ShiJiaYing2016,
  title={基于深度神经网络的四川方言识别},
  author={石佳影 and 黄威},
  journal={现代计算机},
  number={9},
  pages={3--6},
  year={2016}
}
@article{XuFan2021,
  title={基于自注意力的端到端方言语音识别模型},
  author={徐凡 and 杨剑峰 and 颜为之 and 王明文},
  journal={Journal of Signal Processing},
  volume={37},
  number={10},
  year={2021}
}
@mastersthesis{YangShiZhe2020,
  title={基于映射的无监督跨语言词向量模型研究},
  author={杨奭喆},
  year={2020},
  school={哈尔滨工业大学}
}
@article{LiuLinQuan2008,
  title={基于小数据量的方言普通话语音识别声学建模},
  author={刘林泉 and 郑方 and 吴文虎},
  journal={清华大学学报: 自然科学版},
  volume={48},
  number={4},
  pages={604--607},
  year={2008}
}
@article{Davis1980,
  title={Comparison of parametric representations for monosyllabic word recognition in continuously spoken sentences},
  author={Davis, Steven and Mermelstein, Paul},
  journal={IEEE transactions on acoustics, speech, and signal processing},
  volume={28},
  number={4},
  pages={357--366},
  year={1980},
  publisher={IEEE}
}
@book{baron2003analytical,
  title={The analytical theory of heat},
  author={Baron Fourier, Jean Baptiste Joseph and others},
  year={2003},
  publisher={Courier Corporation}
}
@article{gabor1946theory,
  title={Theory of communication. Part 1: The analysis of information},
  author={Gabor, Dennis},
  journal={Journal of the Institution of Electrical Engineers-part III: radio and communication engineering},
  volume={93},
  number={26},
  pages={429--441},
  year={1946},
  publisher={IET}
}
@article{grossmann1984decomposition,
  title={Decomposition of Hardy functions into square integrable wavelets of constant shape},
  author={Grossmann, Alexander and Morlet, Jean},
  journal={SIAM journal on mathematical analysis},
  volume={15},
  number={4},
  pages={723--736},
  year={1984},
  publisher={SIAM}
}