@article{吴永焕2008汉语方言文化遗产保护的意义与对策,
  title   = {汉语方言文化遗产保护的意义与对策},
  author  = {吴永焕},
  journal = {中国人民大学学报},
  volume  = {22},
  number  = {4},
  pages   = {5},
  year    = {2008}
}
@article{曹志耘2012方言濒危、文化碎片和方言学者的使命,
  title={方言濒危、文化碎片和方言学者的使命},
  author={曹志耘},
  journal={中国语言学报},
  year={2012},
}